@misc{website:riotos,
  title = {{RIOT website}},
  url = {http://www.riot-os.org/}
}

@misc{website:riotosgithub,
  title = {{RIOT Quellcode auf github}},
  url = {https://github.com/RIOT-OS/}
}

@misc{website:wireshark,
  title = {{Wireshark website}},
  url = {http://www.wireshark.org/}
}

@misc{website:libusbx,
  title = {{Libusbx website}},
  url = {http://libusbx.sourceforge.net/}
}

@misc{website:safest,
  title = {{SAFEST - Social-Area Framework for Early Security Triggers at Airports}},
  url = {http://safest.realmv6.org/}
}

@manual{website:v4l2,
  title = {{Overview of the V4L2 driver framework}},
  url = {https://www.kernel.org/doc/Documentation/video4linux/v4l2-framework.txt}
}

@misc{datasheet:saa7113,
  organization = {{Philips Semiconductors}},
  title = {{SAA7113H DATA SHEET}},
  note = {(Bezogen von \url{http://pvr.sourceforge.net/SAA7113H_1.pdf})}
}

@misc{standard:usb2,
  title         = {{Universal Serial Bus Specification Revision 2.0}},
  organization = {{USB Implementers Forum, Inc.}},
  year          = {2000},
  month         = {4},
  note          = {(Bezogen von \url{http://www.usb.org/developers/docs/})}
}